@Inbook{Probst2011,
author="Probst, Uwe",
title="Antriebsarten in der Automatisierung",
bookTitle="Servoantriebe in der Automatisierungstechnik: Komponenten, Aufbau und Regelverfahren",
year="2011",
publisher="Vieweg+Teubner",
address="Wiesbaden",
pages="49--87",
abstract="Der Lernende {\ldots}versteht die Anforderungen der Mechatronik an Aktorenunterscheidet die typischen Motorarten der Automatisierungbenennt Vor-- und Nachteile der Motorkonzeptekennt die Grundlagen der elektronischen Kommutierungnennt Eigenschaften und Vorteile von Linearmotoren",
isbn="978-3-8348-8169-4",
doi="10.1007/978-3-8348-8169-4_3",
url="https://doi.org/10.1007/978-3-8348-8169-4_3"
}

@Inbook{Babiel2014,
author="Babiel, Gerhard",
title="Elektrische Maschinen",
bookTitle="Elektrische Antriebe in der Fahrzeugtechnik: Lehr- und Arbeitsbuch",
year="2014",
publisher="Springer Fachmedien Wiesbaden",
address="Wiesbaden",
pages="79--151",
abstract="Elektrische Maschinen k{\"o}nnen immer als Generator oder als Motor betrieben werden. Im Generatorbetrieb ist der aus der Maschine heraus flie{\ss}ende Strom positiv, im Motorbetrieb ist der in die Maschine hinein flie{\ss}ende Strom positiv.",
isbn="978-3-658-03334-7",
doi="10.1007/978-3-658-03334-7_4",
url="https://doi.org/10.1007/978-3-658-03334-7_4"
}